<?xml version="1.0" encoding="utf-8"?>
<record xmlns="http://www.loc.gov/MARC21/slim" xmlns:xsi="http://www.w3.org/2001/XMLSchema-instance" xsi:schemaLocation="http://www.loc.gov/MARC21/slim http://www.loc.gov/standards/marcxml/schema/MARC21slim.xsd">
	<leader>     nam a22     Mi 4500</leader>
	<controlfield tag="001">128336</controlfield>
	<controlfield tag="003">NjP</controlfield>
	<controlfield tag="006">m        d        </controlfield>
	<controlfield tag="007">cr cn |||m|||a</controlfield>
	<controlfield tag="008">210212m19589999ir      o     000 0 ara d</controlfield>
	<datafield ind1=" " ind2=" " tag="040">
		<subfield code="a">ZYU</subfield>
		<subfield code="b">ara</subfield>
		<subfield code="e">rda</subfield>
		<subfield code="c">ZYU</subfield>
	</datafield>
	<datafield ind1=" " ind2="4" tag="050">
		<subfield code="a">BP156</subfield>
		<subfield code="b">.H5618 1958</subfield>
	</datafield>
	<datafield ind1="1" ind2=" " tag="100">
		<subfield code="6">880-01</subfield>
		<subfield code="a">Najafī, Muḥammad Ḥasan ibn Bāqir,</subfield>
		<subfield code="d">approximately 1788-1850.</subfield>
	</datafield>
	<datafield ind1="1" ind2="0" tag="245">
		<subfield code="6">880-02</subfield>
		<subfield code="a">Jawāhir al-Kalām fī sharḥ Sharāʼiʻ al-Islām.</subfield>
	</datafield>
	<datafield ind1=" " ind2=" " tag="250">
		<subfield code="6">880-03</subfield>
		<subfield code="a">al-Taba'ah 6.</subfield>
	</datafield>
	<datafield ind1=" " ind2=" " tag="260">
		<subfield code="6">880-04</subfield>
		<subfield code="a">Najaf :</subfield>
		<subfield code="b">Dār al-Kutub al-Islāmīyah,</subfield>
		<subfield code="c">1378- [1958/1959]-</subfield>
	</datafield>
	<datafield ind1=" " ind2=" " tag="300">
		<subfield code="a">online resource (volumes)</subfield>
	</datafield>
	<datafield ind1=" " ind2=" " tag="336">
		<subfield code="a">text</subfield>
		<subfield code="2">rdacontent</subfield>
	</datafield>
	<datafield ind1=" " ind2=" " tag="337">
		<subfield code="a">computer</subfield>
		<subfield code="2">rdamedia</subfield>
	</datafield>
	<datafield ind1=" " ind2=" " tag="338">
		<subfield code="a">online resource</subfield>
		<subfield code="2">rdacarrier</subfield>
	</datafield>
	<datafield ind1=" " ind2=" " tag="500">
		<subfield code="a">6th ed.</subfield>
	</datafield>
	<datafield ind1=" " ind2=" " tag="500">
		<subfield code="a">Place of publication varies.</subfield>
	</datafield>
	<datafield ind1=" " ind2=" " tag="500">
		<subfield code="a">Vols. 26-28 edited by ʻAlī al-Ajwandī; vols. 29-40 edited by Maḥmūd al-Qūchānī; vols. 41- edited by Riḍā al-Ustādī.</subfield>
	</datafield>
	<datafield ind1=" " ind2=" " tag="500">
		<subfield code="a">Part of the Arabic Collections Online (ACO) project, contributed by Princeton University Libraries.</subfield>
	</datafield>
	<datafield ind1=" " ind2=" " tag="533">
		<subfield code="a">Electronic reproduction.</subfield>
		<subfield code="b">New York, N.Y. :</subfield>
		<subfield code="c">New York University,</subfield>
		<subfield code="d">2021.</subfield>
		<subfield code="5">NNU</subfield>
	</datafield>
	<datafield ind1="1" ind2="0" tag="600">
		<subfield code="6">880-05</subfield>
		<subfield code="a">Muḥaqqiq al-Ḥillī, Jaʻfar ibn al-Ḥasan,</subfield>
		<subfield code="d">1205 or 1206-1277.</subfield>
		<subfield code="t">Sharāʼiʻ al-Islām.</subfield>
	</datafield>
	<datafield ind1="0" ind2="7" tag="630">
		<subfield code="a">Sharāʼiʻ al-Islām (Muḥaqqiq al-Ḥillī, Jaʻfar ibn al-Ḥasan)</subfield>
		<subfield code="2">fast</subfield>
		<subfield code="0">(OCoLC)fst01370927</subfield>
	</datafield>
	<datafield ind1="1" ind2=" " tag="700">
		<subfield code="6">880-06</subfield>
		<subfield code="a">Ajwandī, ʻAlī.</subfield>
	</datafield>
	<datafield ind1="1" ind2=" " tag="700">
		<subfield code="6">880-07</subfield>
		<subfield code="a">Qūchānī, Maḥmūd.</subfield>
	</datafield>
	<datafield ind1="1" ind2=" " tag="700">
		<subfield code="6">880-08</subfield>
		<subfield code="a">Ustādī, Riz̤ā.</subfield>
	</datafield>
	<datafield ind1="2" ind2=" " tag="710">
		<subfield code="a">Princeton University.</subfield>
		<subfield code="b">Library.</subfield>
	</datafield>
	<datafield ind1="0" ind2=" " tag="730">
		<subfield code="a">Arabic Collections Online.</subfield>
	</datafield>
	<datafield ind1="0" ind2="8" tag="776">
		<subfield code="i">Online version:</subfield>
		<subfield code="a">Najafī, Muḥammad Ḥasan ibn Bāqir, approximately 1788-1850.</subfield>
		<subfield code="t">Jawāhir al-Kalām fī sharḥ Sharāʼiʻ al-Islām.</subfield>
		<subfield code="d">Najaf, Dār al-Kutub al-Islāmīyah, 1378- [1958/59]-</subfield>
		<subfield code="w">(OCoLC)557519365</subfield>
	</datafield>
	<datafield ind1="0" ind2="8" tag="776">
		<subfield code="i">Print version:</subfield>
		<subfield code="a">Najafī, Muḥammad Ḥasan ibn Bāqir, approximately 1788-1850.</subfield>
		<subfield code="t">Jawāhir al-Kalām fī sharḥ Sharāʼiʻ al-Islām</subfield>
		<subfield code="w">(NjP)128336</subfield>
		<subfield code="w">(OCoLC)27883315</subfield>
	</datafield>
	<datafield ind1="4" ind2="0" tag="856">
		<subfield code="u">http://hdl.handle.net/2333.1/qnk993mj</subfield>
	</datafield>
	<datafield ind1="1" ind2=" " tag="880">
		<subfield code="6">100-01</subfield>
		<subfield code="a">نجفي، محمد حسن بن باقر،</subfield>
		<subfield code="d">approximately 1788-1850.</subfield>
	</datafield>
	<datafield ind1="1" ind2="0" tag="880">
		<subfield code="6">245-02</subfield>
		<subfield code="a">جواهر الكلام في شرح شرائع الإسلام /</subfield>
		<subfield code="c">تأليف محمد حسن النجفي ؛ حققه و علق عليه و أشرف على نشره عباس القوچاني.</subfield>
	</datafield>
	<datafield ind1=" " ind2=" " tag="880">
		<subfield code="6">250-03</subfield>
		<subfield code="a">الطبعة ٦.</subfield>
	</datafield>
	<datafield ind1=" " ind2=" " tag="880">
		<subfield code="6">260-04</subfield>
		<subfield code="a">نجف :</subfield>
		<subfield code="b">دار الكتب الاسلامية،</subfield>
		<subfield code="c">1378- [1958/1959]-</subfield>
	</datafield>
	<datafield ind1="1" ind2="4" tag="880">
		<subfield code="6">600-05</subfield>
		<subfield code="a">محقق الحلي، جعفر بن الحسن.</subfield>
		<subfield code="t">شرائع الإسلام.</subfield>
	</datafield>
	<datafield ind1="1" ind2=" " tag="880">
		<subfield code="6">700-06</subfield>
		<subfield code="a">قوچاني، عباس.</subfield>
	</datafield>
	<datafield ind1="1" ind2=" " tag="880">
		<subfield code="6">700-07</subfield>
		<subfield code="a">قوچاني، محمود.</subfield>
	</datafield>
	<datafield ind1="1" ind2=" " tag="880">
		<subfield code="6">700-08</subfield>
		<subfield code="a">استادى، رضا.</subfield>
	</datafield>
	<datafield ind1=" " ind2=" " tag="959">
		<subfield code="a">NNU</subfield>
		<subfield code="b">WEB</subfield>
		<subfield code="c">GENI</subfield>
		<subfield code="t">0</subfield>
		<subfield code="m">Electronic access</subfield>
		<subfield code="s">01</subfield>
	</datafield>
	<datafield ind1=" " ind2=" " tag="999">
		<subfield code="i">NjP_128336</subfield>
		<subfield code="o">(OCoLC)ocm27883315</subfield>
		<subfield code="s">princeton_aco004339:v.35</subfield>
		<subfield code="s">princeton_aco004551:v.9</subfield>
		<subfield code="s">princeton_aco004653:v.1</subfield>
		<subfield code="s">princeton_aco004340:v.34</subfield>
		<subfield code="s">princeton_aco004652:v.2</subfield>
		<subfield code="s">princeton_aco004550:v.10</subfield>
		<subfield code="s">princeton_aco004651:v.3</subfield>
		<subfield code="s">princeton_aco004554:v.11</subfield>
		<subfield code="s">princeton_aco004341:v.37</subfield>
		<subfield code="s">princeton_aco004547:v.12</subfield>
		<subfield code="s">princeton_aco004650:v.4</subfield>
		<subfield code="s">princeton_aco004343:v.38</subfield>
		<subfield code="s">princeton_aco004546:v.13</subfield>
		<subfield code="s">princeton_aco004649:v.5</subfield>
		<subfield code="s">princeton_aco004349:v.27</subfield>
		<subfield code="s">princeton_aco004648:v.6</subfield>
		<subfield code="s">princeton_aco004350:v.42</subfield>
		<subfield code="s">princeton_aco004545:v.14</subfield>
		<subfield code="s">princeton_aco004351:v.28</subfield>
		<subfield code="s">princeton_aco004548:v.15</subfield>
		<subfield code="s">princeton_aco004647:v.7</subfield>
		<subfield code="s">princeton_aco004673:v.8</subfield>
		<subfield code="s">princeton_aco004352:v.33</subfield>
		<subfield code="s">princeton_aco004537:v.16</subfield>
		<subfield code="s">princeton_aco004353:v.36</subfield>
		<subfield code="s">princeton_aco004564:v.17</subfield>
		<subfield code="s">princeton_aco004516:v.18</subfield>
		<subfield code="s">princeton_aco004363:v.20</subfield>
		<subfield code="s">princeton_aco004549:v.19</subfield>
		<subfield code="s">princeton_aco004364:v.21</subfield>
		<subfield code="s">princeton_aco004365:v.22</subfield>
		<subfield code="s">princeton_aco004517:v.23</subfield>
		<subfield code="s">princeton_aco004381:v.39</subfield>
		<subfield code="s">princeton_aco004538:v.24</subfield>
		<subfield code="s">princeton_aco004404:v.40</subfield>
		<subfield code="s">princeton_aco004536:v.25</subfield>
		<subfield code="s">princeton_aco004518:v.26</subfield>
		<subfield code="s">princeton_aco004519:v.29</subfield>
		<subfield code="s">princeton_aco004527:v.30</subfield>
		<subfield code="s">princeton_aco004528:v.31</subfield>
		<subfield code="s">princeton_aco004526:v.32</subfield>
		<subfield code="s">princeton_aco004525:v.41</subfield>
		<subfield code="e">(ERROR-880)</subfield>
		<subfield code="s">princeton_aco004339:v.35</subfield>
		<subfield code="s">princeton_aco004551:v.9</subfield>
		<subfield code="s">princeton_aco004653:v.1</subfield>
		<subfield code="s">princeton_aco004340:v.34</subfield>
		<subfield code="s">princeton_aco004652:v.2</subfield>
		<subfield code="s">princeton_aco004550:v.10</subfield>
		<subfield code="s">princeton_aco004651:v.3</subfield>
		<subfield code="s">princeton_aco004554:v.11</subfield>
		<subfield code="s">princeton_aco004341:v.37</subfield>
		<subfield code="s">princeton_aco004547:v.12</subfield>
		<subfield code="s">princeton_aco004650:v.4</subfield>
		<subfield code="s">princeton_aco004343:v.38</subfield>
		<subfield code="s">princeton_aco004546:v.13</subfield>
		<subfield code="s">princeton_aco004649:v.5</subfield>
		<subfield code="s">princeton_aco004349:v.27</subfield>
		<subfield code="s">princeton_aco004648:v.6</subfield>
		<subfield code="s">princeton_aco004350:v.42</subfield>
		<subfield code="s">princeton_aco004545:v.14</subfield>
		<subfield code="s">princeton_aco004351:v.28</subfield>
		<subfield code="s">princeton_aco004548:v.15</subfield>
		<subfield code="s">princeton_aco004647:v.7</subfield>
		<subfield code="s">princeton_aco004673:v.8</subfield>
		<subfield code="s">princeton_aco004352:v.33</subfield>
		<subfield code="s">princeton_aco004537:v.16</subfield>
		<subfield code="s">princeton_aco004353:v.36</subfield>
		<subfield code="s">princeton_aco004564:v.17</subfield>
		<subfield code="s">princeton_aco004516:v.18</subfield>
		<subfield code="s">princeton_aco004363:v.20</subfield>
		<subfield code="s">princeton_aco004549:v.19</subfield>
		<subfield code="s">princeton_aco004364:v.21</subfield>
		<subfield code="s">princeton_aco004365:v.22</subfield>
		<subfield code="s">princeton_aco004517:v.23</subfield>
		<subfield code="s">princeton_aco004381:v.39</subfield>
		<subfield code="s">princeton_aco004538:v.24</subfield>
		<subfield code="s">princeton_aco004404:v.40</subfield>
		<subfield code="s">princeton_aco004536:v.25</subfield>
		<subfield code="s">princeton_aco004518:v.26</subfield>
		<subfield code="s">princeton_aco004519:v.29</subfield>
		<subfield code="s">princeton_aco004527:v.30</subfield>
		<subfield code="s">princeton_aco004528:v.31</subfield>
		<subfield code="s">princeton_aco004526:v.32</subfield>
		<subfield code="s">princeton_aco004525:v.41</subfield>
	</datafield>
</record>
